<?xml version="1.0" encoding="UTF-8"?><collection xmlns="http://www.loc.gov/MARC21/slim"><record><leader>00545nam--2200205-i-4500</leader><controlfield tag="001">000047366</controlfield><controlfield tag="002">20161230</controlfield><controlfield tag="005">20161230201046</controlfield><controlfield tag="008">060222s1000------------r-----000-0-ger-d</controlfield><datafield ind1=" " ind2=" " tag="040"><subfield code="a">IFIN-HH</subfield></datafield><datafield ind1=" " ind2=" " tag="041"><subfield code="a">ger</subfield></datafield><datafield ind1=" " ind2=" " tag="080"><subfield code="a">537.8</subfield></datafield><datafield ind1="1" ind2=" " tag="100"><subfield code="a">Fruhauf, Hans</subfield></datafield><datafield ind1="1" ind2="0" tag="245"><subfield code="a">Losungen der aufgaben</subfield><subfield code="c">Hans fruhauf; fritz wiegman</subfield></datafield><datafield ind1=" " ind2=" " tag="260"><subfield code="a">Berlin</subfield><subfield code="b">Veb Verlag Technik</subfield><subfield code="c">1961</subfield></datafield><datafield ind1=" " ind2=" " tag="300"><subfield code="a">555 P</subfield></datafield><datafield ind1=" " ind2=" " tag="490"><subfield code="a">Felder Und Wellen In Der Modernen Funktechnik</subfield></datafield><datafield ind1="1" ind2=" " tag="700"><subfield code="a">Wiegman, Fritz</subfield></datafield><datafield ind1=" " ind2=" " tag="852"><subfield code="a">76583</subfield><subfield code="c">537:538</subfield></datafield><datafield ind1=" " ind2=" " tag="CAT"><subfield code="a">Sys</subfield><subfield code="c">20110629</subfield><subfield code="h">120002</subfield></datafield></record></collection>